
@misc{A01,
  author = {Author, A.},
  year = {2001},
  title = {Alpha},
}
@misc{B02,
  author = {Buthor, B.},
  year = {2002},
  title = {Bravo},
}

@misc{STD72,
  author    = {R. Gellens, J. Klensin},
  title     = {STD72 Message Submission for Mail},
  year      = {2011} ,
  url       = {http://tools.ietf.org/pdf/rfc6409.pdf},
  localfile = {inc/bib/rfc6409.pdf},
}
@misc{BCP134,
  author    = {C. Hutzler, D. Crocker, P. Resnick, E. Allman, T. Finch},
  title     = {BCP143 Email Submission Operations: Access and Accountability Requirements},
  year      = {2007},
  url       = {http://tools.ietf.org/pdf/rfc5068.pdf},
  localfile = {inc/bib/rfc5068.pdf},
}
@misc{RFC821,
  author    = {Jonathan B. Postel},
  title     = {RFC821 Simple Mail Transfer Protocol},
  year      = {1982},
  url       = {http://tools.ietf.org/pdf/rfc821.pdf},
  localfile = {inc/bib/rfc821.pdf},
}
@misc{RFC2045,
  author    = {N. Freed, N. Borenstein},
  title     = {RFC2045 Multipurpose Internet Mail Extensions; (MIME) Part One: Format of Internet Message Bodies},
  year      = {1996},
  url       = {http://tools.ietf.org/pdf/rfc2045.pdf},
  localfile = {inc/bib/rfc2045.pdf},
}
@misc{RFC2046,
  author    = {N. Freed, N. Borenstein},
  title     = {RFC2046 Multipurpose Internet Mail Extensions; (MIME) Part Two: Media Types},
  year      = {1996},
  url       = {http://tools.ietf.org/pdf/rfc2046.pdf},
  localfile = {inc/bib/rfc2046.pdf},
}
@misc{RFC2047,
  author    = {N. Freed, N. Borenstein},
  title     = {RFC2047 Multipurpose Internet Mail Extensions; (MIME) Part Three: Message Header Extensions for Non-ASCII Text},
  year      = {1996},
  url       = {http://tools.ietf.org/pdf/rfc2046.pdf},
  localfile = {inc/bib/rfc2047.pdf},
}
@misc{RFC2048,
  author    = {N. Freed, J. Klensin, J. Postel},
  title     = {RFC2048 Multipurpose Internet Mail Extensions; (MIME) Part Four: Registration Procedures},
  year      = {1996},
  url       = {http://tools.ietf.org/pdf/rfc2048.pdf},
  localfile = {inc/bib/rfc2048.pdf},
}
@misc{RFC2049,
  author    = {N. Freed, J. Klensin, J. Postel},
  title     = {RFC2049 Multipurpose Internet Mail Extensions; (MIME) Part Five: Conformance Criteria and Examples},
  year      = {1996},
  url       = {http://tools.ietf.org/pdf/rfc2049.pdf},
  localfile = {inc/bib/rfc2049.pdf},
}
@misc{RFC2440,
  author    = {B. Ramsdell},
  title     = {RFC2440 Secure/Multipurpose Internet Mail Extensions (S/MIME) Version 3.1 Message Specification},
  year      = {2004},
  url       = {http://tools.ietf.org/pdf/rfc2440.pdf},
  localfile = {inc/bib/rfc2440.pdf},
}
@misc{RFC3851,
  author    = {B. Ramsdell},
  title     = {RFC3851 Secure/Multipurpose Internet Mail Extensions (S/MIME) Version 3.1 Message Specification},
  year      = {2004},
  url       = {http://tools.ietf.org/pdf/rfc3851.pdf},
  localfile = {inc/bib/rfc3851.pdf},
}
@misc{RFC4401,
  author    = {N. Williams},
  title     = {RFC4401 Sender ID: Authenticating E-Mail},
  year      = {2006},
  url       = {http://tools.ietf.org/pdf/rfc4401.pdf},
  localfile = {inc/bib/rfc4401.pdf},
}
@misc{RFC4408,
  author    = {N. Williams},
  title     = {RFC4408 Sender Policy Framework (SPF) for Authorizing Use of Domains in E-Mail, Version 1},
  year      = {2006},
  url       = {http://tools.ietf.org/pdf/rfc4408.pdf},
  localfile = {inc/bib/rfc4408.pdf},
}
@misc{RFC5321,
  author    = {J. Klensin},
  title     = {RFC5321 Simple Mail Transfer Protocol},
  year      = {2008},
  url       = {http://tools.ietf.org/pdf/rfc5321.pdf},
  localfile = {inc/bib/rfc5321.pdf},
}
@misc{RFC5322,
  author    = {P. Resnick},
  title     = {RFC5322 Internet Message Format},
  year      = {2008},
  url       = {http://tools.ietf.org/pdf/rfc5322.pdf},
  localfile = {inc/bib/rfc5322.pdf},
}
@misc{RFC6652,
  author    = {S. Kitterman},
  title     = {RFC6652 Sender Policy Framework (SPF) Authentication Failure Reporting Using the Abuse Reporting Format},
  year      = {2012},
  url       = {http://tools.ietf.org/pdf/rfc6652.pdf},
  localfile = {inc/bib/rfc6652.pdf},
}